<?xml version="1.0" encoding="UTF-8"?><collection xmlns="http://www.loc.gov/MARC21/slim"><record><leader>00530nam--2200169-i-4500</leader><controlfield tag="001">000009512</controlfield><controlfield tag="002">20161230</controlfield><controlfield tag="005">20161230201028</controlfield><controlfield tag="008">060222s1000------------r-----000-0-eng-d</controlfield><datafield ind1=" " ind2=" " tag="040"><subfield code="a">IFIN-HH</subfield></datafield><datafield ind1=" " ind2=" " tag="080"><subfield code="a">539.12.134(083.3)</subfield></datafield><datafield ind1="1" ind2=" " tag="100"><subfield code="a">Bertin, Michael Charles</subfield></datafield><datafield ind1="1" ind2="0" tag="245"><subfield code="a">Doppler shift lifetime measurements in the even nickel isotopes</subfield><subfield code="b">Dissertation</subfield><subfield code="c">Michael charles bertin</subfield></datafield><datafield ind1=" " ind2=" " tag="260"><subfield code="a">Ann Arbor, Michigan</subfield><subfield code="b">Univeristy Microfilms, Inc</subfield><subfield code="c">1968</subfield></datafield><datafield ind1=" " ind2=" " tag="300"><subfield code="a">XI + 180 P</subfield></datafield><datafield ind1=" " ind2=" " tag="852"><subfield code="a">33675</subfield><subfield code="c">539.12</subfield></datafield><datafield ind1=" " ind2=" " tag="CAT"><subfield code="a">Sys</subfield><subfield code="c">20111121</subfield><subfield code="h">130236</subfield></datafield></record></collection>